@Book{xie2015,
  title = {Dynamic Documents with {R} and knitr},
  author = {Yihui Xie},
  publisher = {Chapman and Hall/CRC},
  address = {Boca Raton, Florida},
  year = {2015},
  edition = {2nd},
  note = {ISBN 978-1498716963},
  url = {http://yihui.name/knitr/},
}
@ARTICLE{1912Leavitt,
       author = {{Leavitt}, Henrietta S. and {Pickering}, Edward C.},
        title = "{Periods of 25 Variable Stars in the Small Magellanic Cloud.}",
      journal = {Harvard College Observatory Circular},
         year = "1912",
        month = "Mar",
       volume = {173},
        pages = {1-3},
       adsurl = {https://ui.adsabs.harvard.edu/\#abs/1912HarCi.173....1L},
      adsnote = {Provided by the SAO/NASA Astrophysics Data System}
}
@ARTICLE{1929Hubble,
       author = {{Hubble}, Edwin},
        title = "{A Relation between Distance and Radial Velocity among Extra-Galactic Nebulae}",
      journal = {Proceedings of the National Academy of Science},
         year = "1929",
        month = "Mar",
       volume = {15},
        pages = {168-173},
          doi = {10.1073/pnas.15.3.168},
       adsurl = {https://ui.adsabs.harvard.edu/\#abs/1929PNAS...15..168H},
      adsnote = {Provided by the SAO/NASA Astrophysics Data System}
}
